<record><leader>00000cas a22000007a 4500</leader><controlfield tag="001">48513625</controlfield><controlfield tag="008">011130d19uu19uucauwr ne      0    0eng d</controlfield><datafield ind1=" " ind2=" " tag="010"><subfield code="a">sn2001060555</subfield></datafield><datafield ind1=" " ind2=" " tag="040"><subfield code="a">CNK</subfield><subfield code="b">eng</subfield><subfield code="c">CNK</subfield><subfield code="d">OCLCQ</subfield></datafield><datafield ind1=" " ind2=" " tag="042"><subfield code="a">msc</subfield></datafield><datafield ind1="0" ind2="0" tag="245"><subfield code="a">Saddleback Valley news-post.</subfield></datafield><datafield ind1="1" ind2="3" tag="246"><subfield code="a">News-post</subfield></datafield><datafield ind1=" " ind2=" " tag="260"><subfield code="a">[Laguna Hills, Cal. :</subfield><subfield code="b">Vernon R. Spitaleri]</subfield></datafield><datafield ind1=" " ind2=" " tag="300"><subfield code="a">v.</subfield></datafield><datafield ind1=" " ind2=" " tag="310"><subfield code="a">Weekly,</subfield><subfield code="b">Feb. 7, 1980-</subfield></datafield><datafield ind1=" " ind2=" " tag="321"><subfield code="a">Semiweekly,</subfield><subfield code="b">&lt;July 20, 1978&gt;-Jan. 31, 1980</subfield></datafield><datafield ind1=" " ind2=" " tag="588"><subfield code="a">Description based on: 63rd year, no. 64 (July 20, 1978).</subfield></datafield><datafield ind1=" " ind2="4" tag="651"><subfield code="a">Saddleback Valley (Calif.)</subfield><subfield code="v">Newspapers.</subfield></datafield><datafield ind1=" " ind2=" " tag="752"><subfield code="a">United States</subfield><subfield code="b">California</subfield><subfield code="c">Orange</subfield><subfield code="d">Laguna Hills.</subfield></datafield><datafield ind1="1" ind2=" " tag="029"><subfield code="a">AU@</subfield><subfield code="b">000023222656</subfield></datafield></record>